<?xml version="1.0" encoding="UTF-8"?><collection xmlns="http://www.loc.gov/MARC21/slim"><record><leader>00630nam--2200181-i-4500</leader><controlfield tag="001">000040380</controlfield><controlfield tag="002">20161230</controlfield><controlfield tag="005">20161230201042</controlfield><controlfield tag="008">060222s1000------------r-----000-0-fre-d</controlfield><datafield ind1=" " ind2=" " tag="040"><subfield code="a">IFIN-HH</subfield></datafield><datafield ind1=" " ind2=" " tag="041"><subfield code="a">fre</subfield></datafield><datafield ind1=" " ind2=" " tag="080"><subfield code="a">539.19(043):530.145.6(043)</subfield></datafield><datafield ind1="1" ind2=" " tag="100"><subfield code="a">Saute,Marcel</subfield></datafield><datafield ind1="1" ind2="0" tag="245"><subfield code="a">Application de la methode diagrammatique de cizek a l`etude de la correlation electronique, cas de la moecule h3+, extension de la metode aux molecules a couches ouvertes (molecule h3)</subfield><subfield code="b">These</subfield><subfield code="c">Marcel saute</subfield></datafield><datafield ind1=" " ind2=" " tag="260"><subfield code="a">Lyon</subfield><subfield code="b">Universite Claude Bernard</subfield><subfield code="c">1972</subfield></datafield><datafield ind1=" " ind2=" " tag="300"><subfield code="a">95 P</subfield></datafield><datafield ind1=" " ind2=" " tag="852"><subfield code="a">40436</subfield><subfield code="c">539.19</subfield></datafield><datafield ind1=" " ind2=" " tag="CAT"><subfield code="a">Sys</subfield><subfield code="c">20120713</subfield><subfield code="h">132755</subfield></datafield></record></collection>